@book{montferrier1835dictionnaire,
author = {Montferrier, Alexandre Sarrazin},
publisher = {Bibliotheque scientifique},
title = {{Dictionnaire des sciences math{\'{e}}matiques pures et appliqu{\'{e}}es}},
volume = {1},
year = {1835}
}
@article{sarrazin2009dictionnaire,
author = {de Montferrier, Alexandre},
publisher = {Bureau de la biblioth{\{}{\`{e}}{\}}que scientifique (Paris)},
title = {{Dictionnaire des sciences math{\'{e}}matiques pures et appliqu{\'{e}}es. Tome 3, suppl{\'{e}}ment}},
year = {2009}
}
